<?xml version="1.0" encoding="UTF-8"?><collection xmlns="http://www.loc.gov/MARC21/slim"><record><leader>00489nam--2200181-i-4500</leader><controlfield tag="001">000047701</controlfield><controlfield tag="002">20161230</controlfield><controlfield tag="005">20161230201046</controlfield><controlfield tag="008">060222s1000------------r-----000-0-rus-d</controlfield><datafield ind1=" " ind2=" " tag="040"><subfield code="a">IFIN-HH</subfield></datafield><datafield ind1=" " ind2=" " tag="041"><subfield code="a">rus</subfield></datafield><datafield ind1=" " ind2=" " tag="080"><subfield code="a">530.12</subfield></datafield><datafield ind1="1" ind2=" " tag="100"><subfield code="a">Witte,Hans</subfield></datafield><datafield ind1="1" ind2="0" tag="245"><subfield code="a">Raun und zeit in lichte der neueren ph. dritte auflage</subfield><subfield code="c">Hans witte</subfield></datafield><datafield ind1=" " ind2=" " tag="260"><subfield code="a">Braunschweig</subfield><subfield code="b">Druck Und Verlag Von Fredr.Vieweg &amp; Sohn</subfield><subfield code="c">1920</subfield></datafield><datafield ind1=" " ind2=" " tag="300"><subfield code="a">88 P</subfield></datafield><datafield ind1=" " ind2=" " tag="852"><subfield code="a">44588</subfield><subfield code="c">H.H</subfield></datafield><datafield ind1=" " ind2=" " tag="CAT"><subfield code="a">Sys</subfield><subfield code="c">20130412</subfield><subfield code="h">120618</subfield></datafield></record></collection>